<?xml version="1.0" encoding="UTF-8"?><collection xmlns="http://www.loc.gov/MARC21/slim"><record><leader>00412nam--2200157-i-4500</leader><controlfield tag="001">000032117</controlfield><controlfield tag="002">20161230</controlfield><controlfield tag="005">20161230201039</controlfield><controlfield tag="008">060222s1000------------r-----000-0-ger-d</controlfield><datafield ind1=" " ind2=" " tag="040"><subfield code="a">IFIN-HH</subfield></datafield><datafield ind1="1" ind2=" " tag="100"><subfield code="a">Malkin, Joel G</subfield></datafield><datafield ind1="1" ind2="0" tag="245"><subfield code="a">Theorie der stabilitat einer bewegung</subfield><subfield code="c">Joel G. Malkin</subfield></datafield><datafield ind1=" " ind2=" " tag="260"><subfield code="a">Berlin, Akademie-verlag, 1959</subfield></datafield><datafield ind1=" " ind2=" " tag="300"><subfield code="a">XIII+402P</subfield></datafield><datafield ind1=" " ind2=" " tag="852"><subfield code="a">7370</subfield><subfield code="c">/ 531</subfield></datafield><datafield ind1=" " ind2=" " tag="CAT"><subfield code="a">Sys</subfield><subfield code="c">20100621</subfield><subfield code="h">145001</subfield></datafield></record></collection>